@article{CasadioDKKKS2022,
  author     = {Marco Casadio and
                Matthew L. Daggitt and
                Ekaterina Komendantskaya and
                Wen Kokke and
                Daniel Kienitz and
                Rob Stewart},
  title      = {Property-driven Training: All You (N)Ever Wanted to Know About},
  journal    = {CoRR},
  volume     = {abs/2104.01396},
  year       = {2021},
  url        = {https://arxiv.org/abs/2104.01396},
  eprinttype = {arXiv},
  eprint     = {2104.01396},
  timestamp  = {Tue, 01 Jun 2021 11:41:12 +0200},
  biburl     = {https://dblp.org/rec/journals/corr/abs-2104-01396.bib},
  bibsource  = {dblp computer science bibliography, https://dblp.org}
}

@article{KatzBDJK2017,
  author     = {Guy Katz and
                Clark W. Barrett and
                David L. Dill and
                Kyle Julian and
                Mykel J. Kochenderfer},
  title      = {Reluplex: An Efficient {SMT} Solver for Verifying Deep Neural Networks},
  journal    = {CoRR},
  volume     = {abs/1702.01135},
  year       = {2017},
  url        = {http://arxiv.org/abs/1702.01135},
  eprinttype = {arXiv},
  eprint     = {1702.01135},
  timestamp  = {Mon, 13 Aug 2018 16:47:36 +0200},
  biburl     = {https://dblp.org/rec/journals/corr/KatzBDJK17.bib},
  bibsource  = {dblp computer science bibliography, https://dblp.org}
}
